<record xmlns='http://www.loc.gov/MARC21/slim'><leader>01351cim a22003492u 4500</leader><controlfield tag='001'>3600457</controlfield><controlfield tag='005'>20151214182604.0</controlfield><controlfield tag='007'>ss|lmnjluz|nuu</controlfield><controlfield tag='008'>991101s1987    nyunnn         l    eng d</controlfield><datafield ind1=' ' ind2=' ' tag='035'><subfield code='a'>(NIC)notisASF7522</subfield></datafield><datafield ind1=' ' ind2=' ' tag='035'><subfield code='a'>3600457</subfield></datafield><datafield ind1=' ' ind2=' ' tag='035'><subfield code='a'>(OCoLC)63896083</subfield></datafield><datafield ind1=' ' ind2=' ' tag='040'><subfield code='a'>NIC</subfield><subfield code='c'>NIC</subfield><subfield code='d'>NIC</subfield><subfield code='d'>NIC</subfield></datafield><datafield ind1='1' ind2=' ' tag='100'><subfield code='a'>Turner, Judith.</subfield></datafield><datafield ind1='1' ind2='0' tag='245'><subfield code='a'>Annotations on ambiguity</subfield><subfield code='h'>[sound recording]</subfield></datafield><datafield ind1=' ' ind2=' ' tag='260'><subfield code='c'>1987.</subfield></datafield><datafield ind1=' ' ind2=' ' tag='300'><subfield code='a'>1 sound cassette (75 min.) :</subfield><subfield code='b'>analog, mono.</subfield></datafield><datafield ind1=' ' ind2=' ' tag='500'><subfield code='a'>Recorded in Ithaca, NY by Cornell University.</subfield></datafield><datafield ind1=' ' ind2=' ' tag='500'><subfield code='a'>Sponsored by: Art, Department of,Council on the Creative and Performing Arts.</subfield></datafield><datafield ind1=' ' ind2=' ' tag='500'><subfield code='a'>Speaker(s): Turner is a professional photographer.</subfield></datafield><datafield ind1=' ' ind2=' ' tag='518'><subfield code='a'>Lecture, November 13, 1987.</subfield></datafield><datafield ind1=' ' ind2=' ' tag='520'><subfield code='a'>Turner discusses her slides which show different aspects of interior design.</subfield></datafield><datafield ind1=' ' ind2='0' tag='650'><subfield code='a'>Photography, Artistic.</subfield></datafield><datafield ind1=' ' ind2='0' tag='650'><subfield code='a'>Architectural photography.</subfield></datafield><datafield ind1=' ' ind2='7' tag='650'><subfield code='a'>Architectural photography</subfield><subfield code='2'>fast</subfield><subfield code='0'>(OCoLC)fst00813301</subfield></datafield><datafield ind1=' ' ind2='7' tag='650'><subfield code='a'>Photography, Artistic</subfield><subfield code='2'>fast</subfield><subfield code='0'>(OCoLC)fst01061964</subfield></datafield><datafield ind1=' ' ind2='0' tag='830'><subfield code='a'>New York State capital in Albany: preservation, planning, architectural history, and photography.</subfield></datafield><datafield ind1=' ' ind2='0' tag='830'><subfield code='a'>Nancy G. Dickenson visiting artist lectures.</subfield></datafield><datafield ind1='1' ind2=' ' tag='899'><subfield code='a'>CULectures</subfield></datafield><datafield ind1=' ' ind2=' ' tag='905'><subfield code='a'>20000331120000.0</subfield></datafield><datafield ind1='2' ind2=' ' tag='948'><subfield code='a'>20141221</subfield><subfield code='b'>m</subfield><subfield code='d'>batch</subfield><subfield code='e'>lts</subfield><subfield code='x'>addfast</subfield></datafield><datafield ind1='2' ind2=' ' tag='948'><subfield code='a'>20150817</subfield><subfield code='b'>m</subfield><subfield code='d'>pm66</subfield><subfield code='e'>lts</subfield></datafield></record>